@inproceedings{stearley-mad12,
        Author = {Jon Stearley and Robert Ballance and Laura Bauman},
        Booktitle = {Proceedings of the 2012 {W}orkshop on {M}anaging {S}ystems {A}utomatically and {D}ynamically},
        Publisher = {{USENIX}},
        Title = {A {S}tate-{M}achine {A}pproach to {D}isambiguating {S}upercomputer {E}vent {L}ogs},
        Year = {2012}}

@inproceedings{stearley-slaml10,
        Author = {Jon Stearley and Ken Lord and Sophia Corwell},
        Booktitle = {Proceedings of the 2012 {W}orkshop on {M}anaging {S}ystems {A}utomatically and {D}ynamically},
        Publisher = {{USENIX}},
        Title = {A {S}tate-{M}achine {A}pproach to {D}isambiguating {S}upercomputer {E}vent {L}ogs},
        Year = {2012}}
